<?xml version="1.0" encoding="utf-8"?>
<record xmlns="http://www.loc.gov/MARC21/slim" xmlns:xsi="http://www.w3.org/2001/XMLSchema-instance" xsi:schemaLocation="http://www.loc.gov/MARC21/slim http://www.loc.gov/standards/marcxml/schema/MARC21slim.xsd">
	<leader>     nam a22        4500</leader>
	<controlfield tag="001">b12343390</controlfield>
	<controlfield tag="003">LeBAU</controlfield>
	<controlfield tag="006">m        d        </controlfield>
	<controlfield tag="007">cr cn |||m|||a</controlfield>
	<controlfield tag="008">170830s1928    ua      o     ||0 0 ara d</controlfield>
	<datafield ind1=" " ind2=" " tag="040">
		<subfield code="a">NNU</subfield>
		<subfield code="b">ara</subfield>
		<subfield code="e">rda</subfield>
		<subfield code="c">NNU</subfield>
	</datafield>
	<datafield ind1=" " ind2="4" tag="050">
		<subfield code="a">BP135.65</subfield>
		<subfield code="b">.I36 1928</subfield>
	</datafield>
	<datafield ind1="0" ind2="4" tag="082">
		<subfield code="a">297.08</subfield>
		<subfield code="2">20</subfield>
	</datafield>
	<datafield ind1="1" ind2=" " tag="100">
		<subfield code="6">880-01</subfield>
		<subfield code="a">Ibn Ḥajar al-ʻAsqalānī, Aḥmad ibn ʻAlī,</subfield>
		<subfield code="d">1372-1449,</subfield>
		<subfield code="e">author.</subfield>
	</datafield>
	<datafield ind1="1" ind2="0" tag="245">
		<subfield code="6">880-02</subfield>
		<subfield code="a">Hudá al-sārī muqaddimat Fatḥ al-Bārī /</subfield>
		<subfield code="c">li-shaykh al-Islām qāḍī al-quḍāt al-ḥāfiẓ Abī al-Faḍl Shihāb al-Dīn Aḥmad ibn ʻAlī ibn Muḥammad ibn Muḥammad Ibn Ḥajar al-ʻAsqalānī al-Shāfi‘ī nazīl al-Qāhirah al-maḥrūsah al-mutawaffá sanat 852 ; ‘uniyat bi-nashrih wa-taṣḥīḥihi wa-muqābalat uṣūlihi lil-marrah al-ūlá Idārat al-Ṭibāʻah al-Munīrīyah.</subfield>
	</datafield>
	<datafield ind1="3" ind2="0" tag="246">
		<subfield code="6">880-03</subfield>
		<subfield code="a">Muqaddimat Fatḥ al-Bārī</subfield>
	</datafield>
	<datafield ind1=" " ind2="1" tag="264">
		<subfield code="6">880-04</subfield>
		<subfield code="a">Miṣr :</subfield>
		<subfield code="b">Idārat al-Ṭibāʻah al-Munīrīyah,</subfield>
		<subfield code="c">1347 H.,  [1928? M.]</subfield>
	</datafield>
	<datafield ind1=" " ind2=" " tag="300">
		<subfield code="6">880-05</subfield>
		<subfield code="a">online resource (2 volumes)</subfield>
	</datafield>
	<datafield ind1=" " ind2=" " tag="336">
		<subfield code="a">text</subfield>
		<subfield code="2">rdacontent</subfield>
	</datafield>
	<datafield ind1=" " ind2=" " tag="337">
		<subfield code="a">computer</subfield>
		<subfield code="2">rdamedia</subfield>
	</datafield>
	<datafield ind1=" " ind2=" " tag="338">
		<subfield code="a">online resource</subfield>
		<subfield code="2">rdacarrier</subfield>
	</datafield>
	<datafield ind1=" " ind2=" " tag="500">
		<subfield code="a">Part of the Arabic Collections Online (ACO) project, contributed by American University of Beirut's Jafet Memorial Library.</subfield>
	</datafield>
	<datafield ind1=" " ind2=" " tag="533">
		<subfield code="a">Electronic reproduction.</subfield>
		<subfield code="b">New York, N.Y. :</subfield>
		<subfield code="c">New York University,</subfield>
		<subfield code="d">2017.</subfield>
		<subfield code="5">NNU</subfield>
	</datafield>
	<datafield ind1="1" ind2="0" tag="600">
		<subfield code="6">880-06</subfield>
		<subfield code="a">Ibn Ḥajar al-ʻAsqalānī, Aḥmad ibn ʻAlī,</subfield>
		<subfield code="d">1372-1449.</subfield>
		<subfield code="t">Fatḥ al-Bārī.</subfield>
	</datafield>
	<datafield ind1="1" ind2="0" tag="600">
		<subfield code="6">880-07</subfield>
		<subfield code="a">Bukhārī, Muḥammad ibn Ismāʻīl,</subfield>
		<subfield code="d">810-870.</subfield>
		<subfield code="t">Jāmiʻ al-ṣaḥīḥ.</subfield>
	</datafield>
	<datafield ind1=" " ind2="0" tag="650">
		<subfield code="6">880-08</subfield>
		<subfield code="a">Hadith</subfield>
		<subfield code="x">Hermeneutics</subfield>
		<subfield code="v">Early works to 1800.</subfield>
	</datafield>
	<datafield ind1="2" ind2=" " tag="710">
		<subfield code="6">880-09</subfield>
		<subfield code="a">Idārat al-Ṭibāʻah al-Munīrīyah (Egypt),</subfield>
		<subfield code="e">annotator.</subfield>
	</datafield>
	<datafield ind1="2" ind2=" " tag="710">
		<subfield code="a">Jafet Memorial Library.</subfield>
	</datafield>
	<datafield ind1="0" ind2=" " tag="730">
		<subfield code="a">Arabic Collections Online.</subfield>
	</datafield>
	<datafield ind1="0" ind2="8" tag="776">
		<subfield code="i">Print version:</subfield>
		<subfield code="a">Ibn Ḥajar al-ʻAsqalānī, Aḥmad ibn ʻAlī, 1372-1449, author.</subfield>
		<subfield code="t">Hudá al-sārī muqaddimat Fatḥ al-Bārī</subfield>
		<subfield code="w">(LeBAU)b12343390</subfield>
	</datafield>
	<datafield ind1="4" ind2="0" tag="856">
		<subfield code="u">http://hdl.handle.net/2333.1/612jmbvw</subfield>
	</datafield>
	<datafield ind1="1" ind2=" " tag="880">
		<subfield code="6">100-01</subfield>
		<subfield code="a">ابن حجر العسقلاني، احمد بن علي،‪‪‪‪‪‪‪</subfield>
		<subfield code="d">1372-1449،</subfield>
		<subfield code="e">مؤلف.‪‪‪‪‪‪‪</subfield>
		<subfield code="4">aut.</subfield>
	</datafield>
	<datafield ind1="1" ind2="0" tag="880">
		<subfield code="6">245-02</subfield>
		<subfield code="a">هدى الساري مقدمة فتح الباري /‪‪‪‪‪‪‪</subfield>
		<subfield code="c">لشيخ الإسلام قاضي القضاة الحافظ أبي الفضل شهاب الدين أحمد بن علي بن محمد بن محمد إبن حجر العسقلاني الشافعي نزيل القاهرة المحروسة المتوفى سنة 852 ؛ عنيت بنشره وتصحيحه ومقابلة أصوله للمرة الأولى إدارة الطباعة المنيرية.‪‪‪‪‪‪‪</subfield>
	</datafield>
	<datafield ind1="3" ind2="0" tag="880">
		<subfield code="6">246-03</subfield>
		<subfield code="a">مقدمة فتح الباري‪‪‪‪‪‪‪</subfield>
	</datafield>
	<datafield ind1=" " ind2="1" tag="880">
		<subfield code="6">264-04</subfield>
		<subfield code="a">مصر :‪‪‪‪‪‪‪</subfield>
		<subfield code="b">إدارة الطباعة المنيرية،‪‪‪‪‪‪‪</subfield>
		<subfield code="c">1347 هـ.، [1928؟ م.]‪‪‪‪‪‪‪</subfield>
	</datafield>
	<datafield ind1=" " ind2=" " tag="880">
		<subfield code="6">300-05</subfield>
		<subfield code="a">2 جزء ؛‪‪‪‪‪‪‪</subfield>
		<subfield code="c">29 سم‪‪‪‪‪‪‪</subfield>
	</datafield>
	<datafield ind1="1" ind2="4" tag="880">
		<subfield code="6">600-06</subfield>
		<subfield code="a">ابن حجر العسقلاني، احمد بن علي،‪‪‪‪‪‪‪</subfield>
		<subfield code="d">1372-1449.</subfield>
		<subfield code="t">فتح الباري.‪‪‪‪‪‪‪</subfield>
	</datafield>
	<datafield ind1="1" ind2="4" tag="880">
		<subfield code="6">600-07</subfield>
		<subfield code="a">البخاري، محمد بن إسماعيل،‪‪‪‪‪‪‪</subfield>
		<subfield code="d">810-870.</subfield>
		<subfield code="t">الجامع الصحيح.‪‪‪‪‪‪‪</subfield>
	</datafield>
	<datafield ind1=" " ind2="4" tag="880">
		<subfield code="6">650-08</subfield>
		<subfield code="a">الحديث‪‪‪‪‪‪‪</subfield>
		<subfield code="x">تفسير وتأويل‪‪‪‪‪‪‪</subfield>
		<subfield code="v">اعمال قديمة حتى 1800.‪‪‪‪‪‪‪</subfield>
	</datafield>
	<datafield ind1="2" ind2=" " tag="880">
		<subfield code="6">710-09</subfield>
		<subfield code="a">ادارة الطباعة المنيرية (مصر)،‪‪‪‪‪‪‪</subfield>
		<subfield code="e">محقق.‪‪‪‪‪‪‪</subfield>
		<subfield code="4">ann.</subfield>
	</datafield>
	<datafield ind1=" " ind2=" " tag="959">
		<subfield code="a">NNU</subfield>
		<subfield code="b">WEB</subfield>
		<subfield code="c">GENI</subfield>
		<subfield code="t">0</subfield>
		<subfield code="m">Electronic access</subfield>
		<subfield code="s">01</subfield>
	</datafield>
	<datafield ind1=" " ind2=" " tag="999">
		<subfield code="i">LeBAU_b12343390</subfield>
		<subfield code="s">aub_aco001082:v.1</subfield>
		<subfield code="s">aub_aco001083:v.2</subfield>
		<subfield code="e">(ERROR-MISC)</subfield>
		<subfield code="s">aub_aco001082:v.1</subfield>
		<subfield code="s">aub_aco001083:v.2</subfield>
	</datafield>
</record>
